@article{Bhuyan2016,
author={Bhuyan, Md. Sajibul Alam
and Uddin, Md. Nizam
and Islam, Md. Maksudul
and Bipasha, Ferdaushi Alam
and Hossain, Sayed Shafayat},
title={Synthesis of graphene},
journal={International Nano Letters},
year={2016},
month={6},
day={01},
volume={6},
number={2},
pages={65-83}
}



@article{Kim16,
author = {Kim, Kyounghwan and Yankowitz, Matthew and Fallahazad, Babak and Kang, Sangwoo and Movva, Hema C. P. and Huang, Shengqiang and Larentis, Stefano and Corbet, Chris M. and Taniguchi, Takashi and Watanabe, Kenji and Banerjee, Sanjay K. and LeRoy, Brian J. and Tutuc, Emanuel},
title = {van der Waals Heterostructures with High Accuracy Rotational Alignment},
journal = {Nano Letters},
volume = {16},
number = {3},
pages = {1989-1995},
year = {2016}
}

@article {Wang614,
	author = {Wang, L. and Meric, I. and Huang, P. Y. and Gao, Q. and Gao, Y. and Tran, H. and Taniguchi, T. and Watanabe, K. and Campos, L. M. and Muller, D. A. and Guo, J. and Kim, P. and Hone, J. and Shepard, K. L. and Dean, C. R.},
	title = {One-Dimensional Electrical Contact to a Two-Dimensional Material},
	volume = {342},
	number = {6158},
	pages = {614--617},
	year = {2013},
	journal = {Science}
}

@article{Geim,
  title = {The electronic properties of graphene},
  author = {Castro Neto, A. H. and Guinea, F. and Peres, N. M. R. and Novoselov, K. S. and Geim, A. K.},
  journal = {Rev. Mod. Phys.},
  volume = {81},
  issue = {1},
  pages = {109--162},
  year = {2009},
  month = {1}
}

@Article{Zhang2009,
author={Zhang, Yuanbo
and Tang, Tsung-Ta
and Girit, Caglar
and Hao, Zhao
and Martin, Michael C.
and Zettl, Alex
and Crommie, Michael F.
and Shen, Y. Ron
and Wang, Feng},
title={Direct observation of a widely tunable bandgap in bilayer graphene},
journal={Nature},
year={2009},
month={1},
day={01},
volume={459},
number={7248},
pages={820-823}
}

@Article{Cao2018,
author={Cao, Yuan
and Fatemi, Valla
and Demir, Ahmet
and Fang, Shiang
and Tomarken, Spencer L.
and Luo, Jason Y.
and Sanchez-Yamagishi, Javier D.
and Watanabe, Kenji
and Taniguchi, Takashi
and Kaxiras, Efthimios
and Ashoori, Ray C.
and Jarillo-Herrero, Pablo},
title={Correlated insulator behaviour at half-filling in magic-angle graphene superlattices},
journal={Nature},
year={2018},
month={04},
day={01},
volume={556},
number={7699},
pages={80-84}
}

@Article{Lu2019,
author={Lu, Xiaobo
and Stepanov, Petr
and Yang, Wei
and Xie, Ming
and Aamir, Mohammed Ali
and Das, Ipsita
and Urgell, Carles
and Watanabe, Kenji
and Taniguchi, Takashi
and Zhang, Guangyu
and Bachtold, Adrian
and MacDonald, Allan H.
and Efetov, Dmitri K.},
title={Superconductors, orbital magnets and correlated states in magic-angle bilayer graphene},
journal={Nature},
year={2019},
month={10},
day={01},
volume={574},
number={7780},
pages={653-657}
}

@Article{Custers2003,
author={Custers, J.
and Gegenwart, P.
and Wilhelm, H.
and Neumaier, K.
and Tokiwa, Y.
and Trovarelli, O.
and Geibel, C.
and Steglich, F.
and P{\'e}pin, C.
and Coleman, P.},
title={The break-up of heavy electrons at a quantum critical point},
journal={Nature},
year={2003},
month={07},
day={01},
volume={424},
number={6948},
pages={524-527}
}

@Article{Mazurenko2017,
author={Mazurenko, Anton
and Chiu, Christie S.
and Ji, Geoffrey
and Parsons, Maxwell F.
and Kan{\'a}sz-Nagy, M{\'a}rton
and Schmidt, Richard
and Grusdt, Fabian
and Demler, Eugene
and Greif, Daniel
and Greiner, Markus},
title={A cold-atom Fermi--Hubbard antiferromagnet},
journal={Nature},
year={2017},
month={05},
day={01},
volume={545},
number={7655},
pages={462-466}
}

@Article{Han2012,
author={Han, Tian-Heng
and Helton, Joel S.
and Chu, Shaoyan
and Nocera, Daniel G.
and Rodriguez-Rivera, Jose A.
and Broholm, Collin
and Lee, Young S.},
title={Fractionalized excitations in the spin-liquid state of a kagome-lattice antiferromagnet},
journal={Nature},
year={2012},
month={Dec},
day={01},
volume={492},
number={7429},
pages={406-410}
}

@article{PhysRevLett.99.256802,
  title = {Graphene Bilayer with a Twist: Electronic Structure},
  author = {Lopes dos Santos, J. M. B. and Peres, N. M. R. and Castro Neto, A. H.},
  journal = {Phys. Rev. Lett.},
  volume = {99},
  issue = {25},
  pages = {256802},
  numpages = {4},
  year = {2007},
  month = {Dec}
}

@Article{Li2010,
author={Li, Guohong
and Luican, A.
and Lopes dos Santos, J. M. B.
and Castro Neto, A. H.
and Reina, A.
and Kong, J.
and Andrei, E. Y.},
title={Observation of Van Hove singularities in twisted graphene layers},
journal={Nature Physics},
year={2010},
month={Feb},
day={01},
volume={6},
number={2},
pages={109-113}
}

@article{PhysRevB.81.165105,
  title = {Electronic structure of turbostratic graphene},
  author = {Shallcross, S. and Sharma, S. and Kandelaki, E. and Pankratov, O. A.},
  journal = {Phys. Rev. B},
  volume = {81},
  issue = {16},
  pages = {165105},
  numpages = {15},
  year = {2010},
  month = {Apr}
}

@article{PhysRevB.81.161405,
  title = {Commensuration and interlayer coherence in twisted bilayer graphene},
  author = {Mele, E. J.},
  journal = {Phys. Rev. B},
  volume = {81},
  issue = {16},
  pages = {161405},
  numpages = {4},
  year = {2010},
  month = {Apr}
}

@article{PhysRevB.84.235439,
  title = {Band symmetries and singularities in twisted multilayer graphene},
  author = {Mele, E. J.},
  journal = {Phys. Rev. B},
  volume = {84},
  issue = {23},
  pages = {235439},
  numpages = {5},
  year = {2011},
  month = {Dec}
}

@article {Bistritzer12233,
	author = {Bistritzer, Rafi and MacDonald, Allan H.},
	title = {Moir{\'e} bands in twisted double-layer graphene},
	volume = {108},
	number = {30},
	pages = {12233--12237},
	year = {2011},
	journal = {Proceedings of the National Academy of Sciences}
}

@article{PhysRevLett.117.116804,
  title = {Superlattice-Induced Insulating States and Valley-Protected Orbits in Twisted Bilayer Graphene},
  author = {Cao, Y. and Luo, J. Y. and Fatemi, V. and Fang, S. and Sanchez-Yamagishi, J. D. and Watanabe, K. and Taniguchi, T. and Kaxiras, E. and Jarillo-Herrero, P.},
  journal = {Phys. Rev. Lett.},
  volume = {117},
  issue = {11},
  pages = {116804},
  numpages = {5},
  year = {2016},
  month = {Sep}
}

@article {Kim3364,
	author = {Kim, Kyounghwan and DaSilva, Ashley and Huang, Shengqiang and Fallahazad, Babak and Larentis, Stefano and Taniguchi, Takashi and Watanabe, Kenji and LeRoy, Brian J. and MacDonald, Allan H. and Tutuc, Emanuel},
	title = {Tunable moir{\'e} bands and strong correlations in small-twist-angle bilayer graphene},
	volume = {114},
	number = {13},
	pages = {3364--3369},
	year = {2017},
	journal = {Proceedings of the National Academy of Sciences}
}

@Article{Cao2018_2,
author={Cao, Yuan
and Fatemi, Valla
and Fang, Shiang
and Watanabe, Kenji
and Taniguchi, Takashi
and Kaxiras, Efthimios
and Jarillo-Herrero, Pablo},
title={Unconventional superconductivity in magic-angle graphene superlattices},
journal={Nature},
year={2018},
month={Apr},
day={01},
volume={556},
number={7699},
pages={43-50}
}

